<record><leader>00000cas a2200000 a 4500</leader><controlfield tag="001">26379911</controlfield><controlfield tag="008">920812d192719uuilubr ne      0   a0eng c</controlfield><datafield ind1=" " ind2=" " tag="010"><subfield code="a">sn 92055159 </subfield></datafield><datafield ind1=" " ind2=" " tag="040"><subfield code="a">NVF</subfield><subfield code="b">eng</subfield><subfield code="c">NVF</subfield><subfield code="d">OCLCQ</subfield><subfield code="d">NVF</subfield><subfield code="d">OCLCG</subfield><subfield code="d">NVF</subfield><subfield code="d">OCLCQ</subfield><subfield code="d">OCLCF</subfield><subfield code="d">NVF</subfield><subfield code="d">OCLCO</subfield><subfield code="d">OCLCA</subfield></datafield><datafield ind1="1" ind2=" " tag="029"><subfield code="a">AU@</subfield><subfield code="b">000040339702</subfield></datafield><datafield ind1=" " ind2=" " tag="042"><subfield code="a">pcc</subfield></datafield><datafield ind1=" " ind2=" " tag="043"><subfield code="a">n-us-il</subfield></datafield><datafield ind1="0" ind2="4" tag="245"><subfield code="a">The Egyptian Republican.</subfield></datafield><datafield ind1=" " ind2=" " tag="260"><subfield code="a">Herrin, Ill. :</subfield><subfield code="b">Hal W. Trovillion,</subfield><subfield code="c">1927-[19--?]</subfield></datafield><datafield ind1=" " ind2=" " tag="300"><subfield code="a">v.</subfield></datafield><datafield ind1=" " ind2=" " tag="310"><subfield code="a">Bimonthly,</subfield><subfield code="b">May/June 1947-&lt;Nov./Dec. 1948&gt;</subfield></datafield><datafield ind1=" " ind2=" " tag="321"><subfield code="a">Monthly,</subfield><subfield code="b">Jan. 15, 1927-Apr. 1937</subfield></datafield><datafield ind1=" " ind2=" " tag="321"><subfield code="a">Bimonthly,</subfield><subfield code="b">May 1937-Nov./Dec. 1943</subfield></datafield><datafield ind1=" " ind2=" " tag="321"><subfield code="a">Monthly (except June and Aug.),</subfield><subfield code="b">Jan. 1944-Apr. 1947</subfield></datafield><datafield ind1="0" ind2=" " tag="362"><subfield code="a">Jan. 15, 1927-</subfield></datafield><datafield ind1=" " ind2=" " tag="515"><subfield code="a">Issues for v. 1, no. 11 and v. 1, no. 12 (Nov. and Dec. 1927) erroneously designated as v. 1, no. 10 and v. 1, no. 11.</subfield></datafield><datafield ind1=" " ind2=" " tag="588"><subfield code="a">Latest issue consulted: Volume 22, number 6 (Nov./Dec. 1948).</subfield></datafield><datafield ind1="1" ind2="0" tag="600"><subfield code="a">Trovillion, Hal W.,</subfield><subfield code="d">1879-1967.</subfield></datafield><datafield ind1=" " ind2="0" tag="651"><subfield code="a">Southern Illinois (Ill.)</subfield><subfield code="x">Politics and government</subfield><subfield code="v">Newspapers.</subfield></datafield><datafield ind1=" " ind2="7" tag="650"><subfield code="a">Political science.</subfield><subfield code="2">fast</subfield><subfield code="0">(OCoLC)fst01069781</subfield></datafield><datafield ind1=" " ind2="7" tag="651"><subfield code="a">Illinois.</subfield><subfield code="2">fast</subfield><subfield code="0">(OCoLC)fst01205143</subfield></datafield><datafield ind1=" " ind2="7" tag="651"><subfield code="a">Illinois</subfield><subfield code="z">Herrin.</subfield><subfield code="2">fast</subfield><subfield code="0">(OCoLC)fst01217742</subfield></datafield><datafield ind1=" " ind2="7" tag="655"><subfield code="a">Newspapers.</subfield><subfield code="2">fast</subfield><subfield code="0">(OCoLC)fst01423814</subfield></datafield><datafield ind1=" " ind2=" " tag="752"><subfield code="a">United States</subfield><subfield code="b">Illinois</subfield><subfield code="c">Williamson</subfield><subfield code="d">Herrin.</subfield></datafield></record>